<?xml version="1.0" encoding="UTF-8"?><collection xmlns="http://www.loc.gov/MARC21/slim"><record><leader>00359nam--2200145-i-4500</leader><controlfield tag="001">000015916</controlfield><controlfield tag="002">20161230</controlfield><controlfield tag="005">20170210152131</controlfield><controlfield tag="008">060222s1000------------r-----000-0-eng-d</controlfield><datafield ind1="1" ind2=" " tag="100"><subfield code="a">Cvitanovic, Predrag</subfield></datafield><datafield ind1="1" ind2="0" tag="245"><subfield code="a">Universality in chaos</subfield></datafield><datafield ind1=" " ind2=" " tag="260"><subfield code="a">Bristol</subfield><subfield code="b">Adam Hilger Ltd</subfield><subfield code="c">1984</subfield></datafield><datafield ind1=" " ind2=" " tag="300"><subfield code="a">511 p</subfield></datafield><datafield ind1=" " ind2=" " tag="852"><subfield code="a">74117</subfield><subfield code="c">517.9</subfield></datafield><datafield ind1=" " ind2=" " tag="CAT"><subfield code="a">SYS</subfield><subfield code="c">20170210</subfield><subfield code="h">152131</subfield></datafield></record></collection>